@article{midgley2005global,
  title={Global environmental change and the uncertain fate of biodiversity},
  author={Midgley, Guy F and Thuiller, Wilfried},
  journal={The New Phytologist},
  volume={167},
  number={3},
  pages={638--641},
  year={2005},
  publisher={JSTOR}
}

@article{blowes2019geography,
  title={The geography of biodiversity change in marine and terrestrial assemblages},
  author={Blowes, Shane A and Supp, Sarah R and Ant{\~a}o, Laura H and Bates, Amanda and Bruelheide, Helge and Chase, Jonathan M and Moyes, Faye and Magurran, Anne and McGill, Brian and Myers-Smith, Isla H and others},
  journal={Science},
  volume={366},
  number={6463},
  pages={339--345},
  year={2019},
  publisher={American Association for the Advancement of Science}
}

@book{worm2018theory,
  title={A Theory of Global Biodiversity (MPB-60)},
  author={Worm, Boris and Tittensor, Derek P},
  year={2018},
  publisher={Princeton University Press}
}

@book{linnaeus1758systema,
  title={Systema naturae},
  author={Linnaeus, Carolus},
  volume={1},
  number={part 1},
  year={1758},
  publisher={Stockholm Laurentii Salvii}
}

@article{hutchinson1959homage,
  title={Homage to Santa Rosalia or why are there so many kinds of animals?},
  author={Hutchinson, G Evelyn},
  journal={The American Naturalist},
  volume={93},
  number={870},
  pages={145--159},
  year={1959},
  publisher={Science Press}
}

@book{curtis1959vegetation,
  title={The vegetation of Wisconsin: an ordination of plant communities},
  author={Curtis, John T},
  year={1959},
  publisher={University of Wisconsin Pres}
}

@book{macarthur1967theory,
  title={The theory of island biogeography},
  author={MacArthur, Robert H and Wilson, Edward O},
  volume={1},
  year={1967},
  publisher={Princeton university press}
}

@book{hubbell2001unified,
  title={The unified neutral theory of biodiversity and biogeography (MPB-32)},
  author={Hubbell, Stephen P},
  volume={32},
  year={2001},
  publisher={Princeton University Press}
}

@article{brown2004toward,
  title={Toward a metabolic theory of ecology},
  author={Brown, James H and Gillooly, James F and Allen, Andrew P and Savage, Van M and West, Geoffrey B},
  journal={Ecology},
  volume={85},
  number={7},
  pages={1771--1789},
  year={2004},
  publisher={Wiley Online Library}
}

@article{vellend2013global,
  title={Global meta-analysis reveals no net change in local-scale plant biodiversity over time},
  author={Vellend, Mark and Baeten, Lander and Myers-Smith, Isla H and Elmendorf, Sarah C and Beaus{\'e}jour, Robin and Brown, Carissa D and De Frenne, Pieter and Verheyen, Kris and Wipf, Sonja},
  journal={Proceedings of the National Academy of Sciences},
  volume={110},
  number={48},
  pages={19456--19459},
  year={2013},
  publisher={National Acad Sciences}
}

@article{li2020changes,
  title={Changes in taxonomic and phylogenetic diversity in the Anthropocene},
  author={Li, Daijiang and Olden, Julian D and Lockwood, Julie L and Record, Sydne and McKinney, Michael L and Baiser, Benjamin},
  journal={Proceedings of the Royal Society B},
  volume={287},
  number={1929},
  pages={20200777},
  year={2020},
  publisher={The Royal Society}
}

@article{koricheva2014uses,
  title={Uses and misuses of meta-analysis in plant ecology},
  author={Koricheva, Julia and Gurevitch, Jessica},
  journal={Journal of Ecology},
  volume={102},
  number={4},
  pages={828--844},
  year={2014},
  publisher={Wiley Online Library}
}

@article{nakagawa2012methodological,
  title={Methodological issues and advances in biological meta-analysis},
  author={Nakagawa, Shinichi and Santos, Eduardo SA},
  journal={Evolutionary Ecology},
  volume={26},
  number={5},
  pages={1253--1274},
  year={2012},
  publisher={Springer}
}

@article{hampton2013big,
  title={Big data and the future of ecology},
  author={Hampton, Stephanie E and Strasser, Carly A and Tewksbury, Joshua J and Gram, Wendy K and Budden, Amber E and Batcheller, Archer L and Duke, Clifford S and Porter, John H},
  journal={Frontiers in Ecology and the Environment},
  volume={11},
  number={3},
  pages={156--162},
  year={2013},
  publisher={Wiley Online Library}
}

@article{farley2018situating,
  title={Situating ecology as a big-data science: Current advances, challenges, and solutions},
  author={Farley, Scott S and Dawson, Andria and Goring, Simon J and Williams, John W},
  journal={BioScience},
  volume={68},
  number={8},
  pages={563--576},
  year={2018},
  publisher={Oxford University Press}
}

@article{geldmann2016determines,
  title={What determines spatial bias in citizen science? Exploring four recording schemes with different proficiency requirements},
  author={Geldmann, Jonas and Heilmann-Clausen, Jacob and Holm, Thomas E and Levinsky, Irina and Markussen, Bo and Olsen, Kent and Rahbek, Carsten and T{\o}ttrup, Anders P},
  journal={Diversity and Distributions},
  volume={22},
  number={11},
  pages={1139--1149},
  year={2016},
  publisher={Wiley Online Library}
}

@article{beck2014spatial,
  title={Spatial bias in the GBIF database and its effect on modeling species' geographic distributions},
  author={Beck, Jan and B{\"o}ller, Marianne and Erhardt, Andreas and Schwanghart, Wolfgang},
  journal={Ecological Informatics},
  volume={19},
  pages={10--15},
  year={2014},
  publisher={Elsevier}
}

@article{palumbo2017building,
  title={Building capacity in remote sensing for conservation: present and future challenges},
  author={Palumbo, Ilaria and Rose, Robert A and Headley, Rachel MK and Nackoney, Janet and Vodacek, Anthony and Wegmann, Martin},
  journal={Remote Sensing in Ecology and Conservation},
  volume={3},
  number={1},
  pages={21--29},
  year={2017},
  publisher={Wiley Online Library}
}

@article{g2019remote,
  title={Remote sensing of human--environment interactions in global change research: A review of advances, challenges and future directions},
  author={G Pricope, Narcisa and L Mapes, Kerry and D Woodward, Kyle},
  journal={Remote Sensing},
  volume={11},
  number={23},
  pages={2783},
  year={2019},
  publisher={Multidisciplinary Digital Publishing Institute}
}

@article{borer2014finding,
  title={Finding generality in ecology: a model for globally distributed experiments},
  author={Borer, Elizabeth T and Harpole, W Stanley and Adler, Peter B and Lind, Eric M and Orrock, John L and Seabloom, Eric W and Smith, Melinda D},
  journal={Methods in Ecology and Evolution},
  volume={5},
  number={1},
  pages={65--73},
  year={2014},
  publisher={Wiley Online Library}
}

@article{keller2008continental,
  title={A continental strategy for the National Ecological Observatory Network},
  author={Keller, Michael and Schimel, David S and Hargrove, W William and Hoffman, Forrest M},
  journal={The Ecological Society of America: 282-284},
  year={2008}
}

@article{wilkinson2016fair,
  title={The FAIR Guiding Principles for scientific data management and stewardship},
  author={Wilkinson, Mark D and Dumontier, Michel and Aalbersberg, IJsbrand Jan and Appleton, Gabrielle and Axton, Myles and Baak, Arie and Blomberg, Niklas and Boiten, Jan-Willem and da Silva Santos, Luiz Bonino and Bourne, Philip E and others},
  journal={Scientific data},
  volume={3},
  number={1},
  pages={1--9},
  year={2016},
  publisher={Nature Publishing Group}
}

@book{harte2011maximum,
  title={Maximum entropy and ecology: a theory of abundance, distribution, and energetics},
  author={Harte, John},
  year={2011},
  publisher={OUP Oxford}
}

@article{wickham2014tidy,
  title={Tidy data},
  author={Wickham, Hadley and others},
  journal={Journal of Statistical Software},
  volume={59},
  number={10},
  pages={1--23},
  year={2014}
}

@article{welti2021meta,
  title={Meta-analyses of insect temporal trends must account for the complex sampling histories inherent to many long-term monitoring efforts},
  author={Welti, E. and Joern, A. and Ellison, A.M. and Lightfoot, D. and Record, S. and Rodenhouse, N. and Stanley, E. and Kaspari, M.},
  journal={Nature Ecology and Evolution},
  year={2021}
}

@article{rudenko2011updates,
  title={Updates on Borrelia burgdorferi sensu lato complex with respect to public health},
  author={Rudenko, Nataliia and Golovchenko, Maryna and Grubhoffer, Libor and Oliver Jr, James H},
  journal={Ticks and tick-borne diseases},
  volume={2},
  number={3},
  pages={123--128},
  year={2011},
  publisher={Elsevier}
}

@article{pritt2017proposal,
  title={Proposal to reclassify Ehrlichia muris as Ehrlichia muris subsp. muris subsp. nov. and description of Ehrlichia muris subsp. eauclairensis subsp. nov., a newly recognized tick-borne pathogen of humans},
  author={Pritt, Bobbi S and Allerdice, Michelle EJ and Sloan, Lynne M and Paddock, Christopher D and Munderloh, Ulrike G and Rikihisa, Yasuko and Tajima, Tomoko and Paskewitz, Susan M and Neitzel, David F and Johnson, Diep K Hoang and others},
  journal={International journal of systematic and evolutionary microbiology},
  volume={67},
  number={7},
  pages={2121},
  year={2017},
  publisher={Microbiology Society}
}

@article{martin2012mapping,
  title={Mapping where ecologists work: biases in the global distribution of terrestrial ecological observations},
  author={Martin, Laura J and Blossey, Bernd and Ellis, Erle},
  journal={Frontiers in Ecology and the Environment},
  volume={10},
  number={4},
  pages={195--201},
  year={2012},
  publisher={Wiley Online Library}
}

@article{gurevitch1999statistical,
  title={Statistical issues in ecological meta-analyses},
  author={Gurevitch, Jessica and Hedges, Larry V},
  journal={Ecology},
  volume={80},
  number={4},
  pages={1142--1149},
  year={1999},
  publisher={Wiley Online Library}
}



@article{pavlacky2017statistically,
  title={A statistically rigorous sampling design to integrate avian monitoring and management within Bird Conservation Regions},
  author={Pavlacky Jr, David C and Lukacs, Paul M and Blakesley, Jennifer A and Skorkowsky, Robert C and Klute, David S and Hahn, Beth A and Dreitz, Victoria J and George, T Luke and Hanni, David J},
  journal={PloS one},
  volume={12},
  number={10},
  pages={e0185924},
  year={2017},
  publisher={Public Library of Science San Francisco, CA USA}
}

@article{chandler2009scrub,
  title={Scrub-shrub bird habitat associations at multiple spatial scales in beaver meadows in massachusetts},
  author={Chandler, Richard B and King, David I and DeStefano, Stephen},
  journal={The Auk},
  volume={126},
  number={1},
  pages={186--197},
  year={2009},
  publisher={Oxford University Press}
}

@article{reif2008bird,
  title={Bird-habitat associations predict population trends in central European forest and farmland birds},
  author={Reif, Ji{\v{r}}{\'\i} and Storch, David and Vo{\v{r}}{\'\i}{\v{s}}ek, Petr and {\v{S}}t'astn{\`y}, Karel and Bej{\v{c}}ek, Vladim{\'\i}r},
  journal={Biodiversity and Conservation},
  volume={17},
  number={13},
  pages={3307},
  year={2008},
  publisher={Springer}
}

@article{link2008combining,
  title={Combining breeding bird survey and Christmas Bird Count data to evaluate seasonal components of population change in northern bobwhite},
  author={Link, William A and Sauer, John R and Niven, Daniel K},
  journal={The Journal of Wildlife Management},
  volume={72},
  number={1},
  pages={44--51},
  year={2008},
  publisher={Wiley Online Library}
}

@article{sauer2011analysis,
  title={Analysis of the North American breeding bird survey using hierarchical models},
  author={Sauer, John R and Link, William A},
  journal={The Auk},
  volume={128},
  number={1},
  pages={87--98},
  year={2011},
  publisher={Oxford University Press}
}

@article{jarzyna2017near,
  title={A near half-century of temporal change in different facets of avian diversity},
  author={Jarzyna, Marta A and Jetz, Walter},
  journal={Global Change Biology},
  volume={23},
  number={8},
  pages={2999--3011},
  year={2017},
  publisher={Wiley Online Library}
}

@article{schipper2016contrasting,
  title={Contrasting changes in the abundance and diversity of North American bird assemblages from 1971 to 2010},
  author={Schipper, Aafke M and Belmaker, Jonathan and de Miranda, Murilo Dantas and Navarro, Laetitia M and B{\"o}hning-Gaese, Katrin and Costello, Mark J and Dornelas, Maria and Foppen, Ruud and Hortal, Joaqu{\'\i}n and Huijbregts, Mark AJ and others},
  journal={Global Change Biology},
  volume={22},
  number={12},
  pages={3948--3959},
  year={2016},
  publisher={Wiley Online Library}
}

@article{barnett2019plant,
  title={The plant diversity sampling design for the national ecological observatory network},
  author={Barnett, David T and Adler, Peter B and Chemel, Benjamin R and Duffy, Paul A and Enquist, Brian J and Grace, James B and Harrison, Susan and Peet, Robert K and Schimel, David S and Stohlgren, Thomas J and others},
  journal={Ecosphere},
  volume={10},
  number={2},
  pages={e02603},
  year={2019},
  publisher={Wiley Online Library}
}

@article{hoekman2017design,
  title={Design for ground beetle abundance and diversity sampling within the National Ecological Observatory Network},
  author={Hoekman, David and LeVan, Katherine E and Gibson, Cara and Ball, George E and Browne, Robert A and Davidson, Robert L and Erwin, Terry L and Knisley, C Barry and LaBonte, James R and Lundgren, Jonathan and others},
  journal={Ecosphere},
  volume={8},
  number={4},
  pages={e01744},
  year={2017},
  publisher={Wiley Online Library}
}

@article{balch2019neon,
  title={NEON is seeding the next revolution in ecology},
  author={Balch, Jennifer K and Nagy, R and Halpern, Benjamin S},
  journal={Frontiers in Ecology and the Environment},
  volume={18},
  number={1},
  year={2019}
}

@techreport{moulton2002revised,
  title={Revised protocols for sampling algal, invertebrate, and fish communities as part of the National Water-Quality Assessment Program},
  author={Moulton II, Stephen R and Kennen, Jonathan G and Goldstein, Robert M and Hambrook, Julie A},
  year={2002},
  institution={Geological Survey (US)}
}

@article{baker1997environmental,
  title={Environmental monitoring and assessment program surface waters: field operations manual for lakes},
  author={Baker, John R and Peck, David V and Sutton, Donna W},
  journal={US Environmental Protection Agency, Washington},
  year={1997}
}

@techreport{peck2006environmental,
  title={Environmental Monitoring and Assessment Program --- Surface Waters: Western Pilot Study Field Operations Manual for Wadeable Streams},
  author={Peck, D.V. and Herlihy and A.T. and Hill and B.H. and Hughes and R.M. and Kaufmann and P.R. and Klemm and D.J. and Lazorchak and J.M. and McCormick and F.H. and Peterson and S.A. and Ringold and P.L. and Magee and T. and and Cappaert, M.R.},
  year={2006},
  journal={US Environmental Protection Agency, Washington},
}

@article{hoekman2016design,
  title={Design for mosquito abundance, diversity, and phenology sampling within the National Ecological Observatory Network},
  author={Hoekman, D and Springer, Yuri P and Barker, CM and Barrera, R and Blackmore, MS and Bradshaw, WE and Foley, Desmond H and Ginsberg, Howard S and Hayden, MH and Holzapfel, CM and others},
  journal={Ecosphere},
  volume={7},
  number={5},
  pages={e01320},
  year={2016},
  publisher={Wiley Online Library}
}

@article{thorpe2016introduction,
  title={Introduction to the sampling designs of the N ational E cological O bservatory N etwork T errestrial O bservation S ystem},
  author={Thorpe, Andrea S and Barnett, David T and Elmendorf, Sarah C and Hinckley, Eve-Lyn S and Hoekman, David and Jones, Katherine D and LeVan, Katherine E and Meier, Courtney L and Stanish, Lee F and Thibault, Katherine M},
  journal={Ecosphere},
  volume={7},
  number={12},
  pages={e01627},
  year={2016},
  publisher={Wiley Online Library}
}

@article{springer2016tick,
  title={Tick-, mosquito-, and rodent-borne parasite sampling designs for the National Ecological Observatory Network},
  author={Springer, Yuri P and Hoekman, David and Johnson, Pieter TJ and Duffy, Paul A and Hufft, Rebecca A and Barnett, David T and Allan, Brian F and Amman, Brian R and Barker, Christopher M and Barrera, Roberto and others},
  journal={Ecosphere},
  volume={7},
  number={5},
  pages={e01271},
  year={2016},
  publisher={Wiley Online Library}
}


@book{bechtold2005enhanced,
  title={The enhanced forest inventory and analysis program--national sampling design and estimation procedures},
  author={Bechtold, William A and Patterson, Paul L},
  volume={80},
  year={2005},
  publisher={USDA Forest Service, Southern Research Station}
}

@article{sauer2017first,
  title={The first 50 years of the North American breeding bird survey},
  author={Sauer, John R and Pardieck, Keith L and Ziolkowski Jr, David J and Smith, Adam C and Hudson, Marie-Anne R and Rodriguez, Vicente and Berlanga, Humberto and Niven, Daniel K and Link, William A},
  journal={The Condor: Ornithological Applications},
  volume={119},
  number={3},
  pages={576--593},
  year={2017},
  publisher={Oxford University Press}
}

@article{chao2014rarefaction,
  title={Rarefaction and extrapolation with Hill numbers: a framework for sampling and estimation in species diversity studies},
  author={Chao, Anne and Gotelli, Nicholas J and Hsieh, TC and Sander, Elizabeth L and Ma, KH and Colwell, Robert K and Ellison, Aaron M},
  journal={Ecological monographs},
  volume={84},
  number={1},
  pages={45--67},
  year={2014},
  publisher={Wiley Online Library}
}

@article{hsieh2016inext,
  title={iNEXT: an R package for rarefaction and extrapolation of species diversity (H ill numbers)},
  author={Hsieh, TC and Ma, KH and Chao, Anne},
  journal={Methods in Ecology and Evolution},
  volume={7},
  number={12},
  pages={1451--1456},
  year={2016},
  publisher={Wiley Online Library}
}

@article{jost2006entropy,
  title={Entropy and diversity},
  author={Jost, Lou},
  journal={Oikos},
  volume={113},
  number={2},
  pages={363--375},
  year={2006},
  publisher={Wiley Online Library}
}

@article{jones2021synergies,
  title={Synergies among environmental science research and monitoringnetworks: A research agenda},
  author={Jones, JA and Groffman, PM and Blair, J and Davis, FW and Dugan, H and Euskirchen, EE and Frey, SD and Harms, TK and Hinckley, E and Kosmala, M and others},
  journal={Earth's Future},
  pages={e2020EF001631},
  year={2021},
  publisher={Wiley Online Library}
}

@article{record2020novel,
  title={Novel insights to be gained from applying metacommunity theory to long-term, spatially replicated biodiversity data},
  author={Record, Sydne and Voelker, Nicole M and Zarnetske, Phoebe L and Wisnoski, Nathan I and Tonkin, Jonathan D and Swan, Christopher and Marazzi, Luca and Lany, Nina and Lamy, Thomas and Compagnoni, Aldo and others},
  journal={Frontiers in Ecology and Evolution},
  volume={8},
  pages={479},
  year={2020},
  publisher={Frontiers}
}

@article{egli2020taxonomic,
  title={Taxonomic error rates affect interpretations of a national-scale ground beetle monitoring program at National Ecological Observatory Network},
  author={Egli, Lauren and LeVan, Katherine E and Work, Timothy T},
  journal={Ecosphere},
  volume={11},
  number={4},
  pages={e03035},
  year={2020},
  publisher={Wiley Online Library}
}

@article{fischer1960latitudinal,
  title={Latitudinal variations in organic diversity},
  author={Fischer, Alfred G},
  journal={Evolution},
  volume={14},
  number={1},
  pages={64--81},
  year={1960},
  publisher={JSTOR}
}

@article{heffernan2014macrosystems,
  title={Macrosystems ecology: understanding ecological patterns and processes at continental scales},
  author={Heffernan, James B and Soranno, Patricia A and Angilletta Jr, Michael J and Buckley, Lauren B and Gruner, Daniel S and Keitt, Tim H and Kellner, James R and Kominoski, John S and Rocha, Adrian V and Xiao, Jingfeng and others},
  journal={Frontiers in Ecology and the Environment},
  volume={12},
  number={1},
  pages={5--14},
  year={2014},
  publisher={Wiley Online Library}
}

@article{hillebrand2004generality,
  title={On the generality of the latitudinal diversity gradient},
  author={Hillebrand, Helmut},
  journal={The American Naturalist},
  volume={163},
  number={2},
  pages={192--211},
  year={2004},
  publisher={The University of Chicago Press}
}

@article{farrell2018power,
  title={Power, pitfalls, and potential for integrating computational literacy into undergraduate ecology courses},
  author={Farrell, Kaitlin J and Carey, Cayelan C},
  journal={Ecology and evolution},
  volume={8},
  number={16},
  pages={7744--7751},
  year={2018},
  publisher={Wiley Online Library}
}

@article{read2018among,
  title={Among-species overlap in rodent body size distributions predicts species richness along a temperature gradient},
  author={Read, Quentin D and Grady, John M and Zarnetske, Phoebe L and Record, Sydne and Baiser, Benjamin and Belmaker, Jonathan and Tuanmu, Mao-Ning and Strecker, Angela and Beaudrot, Lydia and Thibault, Katherine M},
  journal={Ecography},
  volume={41},
  number={10},
  pages={1718--1727},
  year={2018},
  publisher={Wiley Online Library}
}

@article{rainio2003ground,
  title={Ground beetles (Coleoptera: Carabidae) as bioindicators},
  author={Rainio, Johanna and Niemel{\"a}, Jari},
  journal={Biodiversity \& Conservation},
  volume={12},
  number={3},
  pages={487--506},
  year={2003},
  publisher={Springer}
}

@article{ellison2010repeatability,
  title={Repeatability and transparency in ecological research},
  author={Ellison, Aaron M},
  journal={Ecology},
  volume={91},
  number={9},
  pages={2536--2539},
  year={2010},
  publisher={JSTOR}
}

@article{compagnoni2020popler,
  title={popler: An r package for extraction and synthesis of population time series from the long-term ecological research (LTER) network},
  author={Compagnoni, Aldo and Bibian, Andrew J and Ochocki, Brad M and Levin, Sam and Zhu, Kai and Miller, Tom EX},
  journal={Methods in Ecology and Evolution},
  volume={11},
  number={2},
  pages={258--264},
  year={2020},
  publisher={Wiley Online Library}
}

@article{reichman2011challenges,
  title={Challenges and opportunities of open data in ecology},
  author={Reichman, O James and Jones, Matthew B and Schildhauer, Mark P},
  journal={Science},
  volume={331},
  number={6018},
  pages={703--705},
  year={2011},
  publisher={American Association for the Advancement of Science}
}

@book{ralph1993handbook,
  title={Handbook of field methods for monitoring landbirds},
  author={Ralph, C John},
  volume={144},
  year={1993},
  publisher={Pacific Southwest Research Station}
}

@techreport{thibault2018TOS,
  title={TOS Protocol and Procedure: Breeding Landbird Abundance and Diversity. NEON.DOC.014041vJ},
  author={Thibault, K.},
  year={2018},
  institution={NEON (National Ecological Observatory Network)}
}

@techreport{thibault2019TOS,
  title={TOS Protocol and Procedure: Small Mammal Sampling. NEON.DOC.000481vL},
  author={Thibault, K. and Tsao, K. and Springer, Y. and Knapp, L.},
  year={2019},
  institution={NEON (National Ecological Observatory Network)}
}


@techreport{Elmendorf2018,
  title={NEON Algorithm Theoretical Basis Document (ATBD): OS General Transitions. NEON.DOC.004825vA},
  author={Elmendorf, S. and Brownlee, H.},
  year={2018},
  institution={NEON (National Ecological Observatory Network)}
}

@techreport{LeVan2019,
  title={TOS Protocol and Procedure: Ground Beetle Sampling. NEON.DOC.014041vJ},
  author={LeVan, K. and Robinson, N. and Hoekman, D. and Blevins, K.},
  year={2019},
  institution={NEON (National Ecological Observatory Network)}
}

@techreport{LeVan2019b,
  title={TOS Protocol and Procedure: MOS - Mosquito Sampling. NEON.DOC.014049vL},
  author={LeVan, K. and Paull, S. and Tsao, K. and Hoekman, D. and Springer, Y.},
  year={2019},
  institution={NEON (National Ecological Observatory Network)}
}

@techreport{LeVan2019c,
  title={TOS Protocol and Procedure: Tick and Tick-borne Pathogen Sampling. NEON.DOC.014045vK},
  author={LeVan, K. and Thibault, K. and Tsao, K. and Springer, Y.},
  year={2019},
  institution={NEON (National Ecological Observatory Network)}
}

@techreport{LeVan2020,
  title={NEON User Guide to Ground Beetles Sampled from Pitfall Traps (DP1.10022.001).version C.},
  author={LeVan, K.},
  year={2020},
  institution={NEON (National Ecological Observatory Network)}
}

@techreport{LeVan2020b,
  title={NEON User Guide to Mosquitoes Sampled From CO2 Traps (DP1.10043.001) and Mosquito-borne Pathogen Satatus (DP1.10041.001).version C.},
  author={LeVan, K.},
  year={2020},
  institution={NEON (National Ecological Observatory Network)}
}

@techreport{Stanish2020,
  title={TOS Protocol and Procedure: SLS - Soil Biogeochemical and Microbial Sampling. NEON.DOC.014048vN},
  author={Stanish, L. and Weintraub, S. and Hinckley, E-L. S. and Parnell, J.},
  year={2020},
  institution={NEON (National Ecological Observatory Network)}
}

@techreport{Barnett2019,
  title={TOS Protocol and Procedure: DIV - Plant Diversity Sampling. NEON.DOC.014042vK},
  author={Barnett, D.},
  year={2019},
  institution={NEON (National Ecological Observatory Network)}
}

@techreport{Cawley2016,
  title={NEON Aquatic Sampling Strategy. NEON.DOC.001152vA},
  author={Cawley, K. M. and Parker, S. and Utz, R. and Goodman, K. and Scott, C. and Fitzgerald, M. and Vance, J. and Jensen, B. and Bohall, C. and Baldwin, T.},
  year={2016},
  institution={NEON (National Ecological Observatory Network)}
}

@techreport{Parker2019,
  title={AOS Protocol and Procedure: INV - Aquatic Macroinvertebrate Sampling. NEON.DOC.003046vE},
  author={Parker, S.},
  year={2019},
  institution={NEON (National Ecological Observatory Network)}
}

@techreport{Parker2020,
  title={AOS Protocol and Procedure: ALG - Periphyton and Phytoplankton Sampling. NEON.DOC.003045vE},
  author={Parker, S.},
  year={2020},
  institution={NEON (National Ecological Observatory Network)}
}

@techreport{Chesney2021,
  title={NEON User Guide to Aquatic Macroinvertebrate Collection (DP1.20120.001). Revision B},
  author={Chesney, T. and Parker, S. and Scott, C.},
  year={2021},
  institution={NEON (National Ecological Observatory Network)}
}

@techreport{ParkerVance2020,
  title={NEON User Guide to Periphyton and Phytoplankton Collection (DP1.20166.001). Revision C},
  author={Parker, S. and Vance, T.},
  year={2020},
  institution={NEON (National Ecological Observatory Network)}
}

@techreport{ParkerRoehm2019,
  title={AOS Protocol and Procedure: ZOO - Zooplankton Sampling in Lakes. NEON.DOC.001194},
  author={Parker, S. and Roehm, C.},
  year={2019},
  institution={NEON (National Ecological Observatory Network)}
}

@techreport{ParkerScott2020,
  title={NEON User Guide to Aquatic Zooplankton Collection (DP1.20219.001). Revision B},
  author={Parker, S. and Scott, C.},
  year={2020},
  institution={NEON (National Ecological Observatory Network)}
}

@techreport{Jensen2019a,
  title={AOS Protocol and Procedure: Fish Sampling in Wadeable Streams. NEON.DOC.001295vF},
  author={Jensen, B. and Parker, S. and Fischer, J. R.},
  year={2019},
  institution={NEON (National Ecological Observatory Network)}
}

@techreport{Jensen2019b,
  title={AOS Protocol and Procedure: Fish Sampling in Lakes. NEON.DOC.001296vF},
  author={Jensen, B. and Parker, S. and Fischer, J. R.},
  year={2019},
  institution={NEON (National Ecological Observatory Network)}
}

@techreport{Monahan2020,
  title={NEON User Guide to Fish Electrofishing, Gill Netting, and Fyke Netting Counts (DP1.20107.001). Revision B},
  author={Monahan, D. and Jensen, B. and Parker, S. and Scott, C.},
  year={2020},
  institution={NEON (National Ecological Observatory Network)}
}

@article{van2007south,
  title={South African Environmental Observation Network: vision, design and status: SAEON reviews},
  author={Van Jaarsveld, Albert S and Pauw, Johan C and Mundree, Sarasvathi and Mecenero, Silvia and Coetzee, Bernard WT and Alard, Glynn F},
  journal={South African Journal of Science},
  volume={103},
  number={7},
  pages={289--294},
  year={2007},
  publisher={Academy of Science for South Africa (ASSAf)}
}

@article{qin2021dna,
  title={From DNA sequences to microbial ecology: Wrangling NEON soil microbe data with the neonMicrobe R package},
  author={Qin, Clara and Bartelme, Ryan and Chung, Y Anny and Fairbanks, Dawson and Lin, Yang and Liptzin, Daniel and Muscarella, Chance and Naithani, Kusum and Peay, Kabir and Pellitier, Peter and others},
  journal={Ecosphere},
  volume={12},
  number={11},
  pages={e03842},
  year={2021},
  publisher={Wiley Online Library}
}

@article{de2018warning,
  title={Warning signals of biodiversity collapse across gradients of tropical forest loss},
  author={de Oliveira Roque, Fabio and Menezes, Jorge FS and Northfield, Tobin and Ochoa-Quintero, Jose Manuel and Campbell, Mason J and Laurance, William F},
  journal={Scientific reports},
  volume={8},
  number={1},
  pages={1--7},
  year={2018},
  publisher={Nature Publishing Group}
}

@article{o2021ecocomdp,
  title={ecocomDP: a flexible data design pattern for ecological community survey data},
  author={O'Brien, Margaret and Smith, Colin A and Sokol, Eric R and Gries, Corinna and Lany, Nina and Record, Sydne and Castorani, Max CN},
  journal={Ecological Informatics},
  volume={64},
  pages={101374},
  year={2021},
  publisher={Elsevier}
}

@article{li2021standardizedData,
  title={Standardized NEON organismal data (neonDivData) ver 1},
  author={Li, Daijiang and Record, Sydne and Sokol, Eric and Bitters, Matthew E and Chen, Melissa Y and Chung, Anny Y and Helmus, Matthew R and Jaimes, Ruvi and Jansen, Lara and Jarzyna, Marta A and others},
  year={2022},
  publisher={Environmental Data Initiative},
  doi={10.6073/pasta/c28dd4f6e7989003505ea02e9a92afbf}
}

